%% This BibTeX bibliography file was created using BibDesk.
%% http://bibdesk.sourceforge.net/


%% Created for Carlos Eduardo Melo at 2013-02-28 23:00:12 -0300 


%% Saved with string encoding Unicode (UTF-8) 



@book{ARIES2011,
	Address = {Rio de Janeiro},
	Author = {Philippe Ari{\`e}s},
	Edition = {2},
	Publisher = {LTC},
	Title = {Hist{\'o}ria social da crian{\c c}a e da fam{\'\i}lia},
	Year = {2011}
}

@book{ARIES1981,
	Address = {Rio de Janeiro},
	Author = {Philippe Ari{\`e}s},
	Publisher = {Guanabara \& Koogan S.A.},
	Title = {Hist{\'o}ria social da crian{\c c}a e da fam{\'\i}lia},
	Year = {1981}
}

@hidden{BRANDIMILLER1996,
	Address = {S{\~a}o Paulo},
	Author = {Primo A. Brandimiller},
	Publisher = {Senac},
	Title = {Per{\'\i}cia Judicial em Acidentes e Doen{\c c}as do Trabalho},
	Year = {1996}
}

@article{LEAL2008,
	Author = {Liene Martha Leal},
	Journal = {Diversa},
	Month = {dez.},
	Number = {2},
	Pages = {171-185},
	Title = {Psicologia Jur{\'\i}dica},
	Subtitle = {hist{\'o}ria, ramifica{\c c}{\~o}es e {\'a}rea de atua{\c c}{\~a}o},
	Year = {2008}
}

@hidden{SILVA2007,
	Author = {Denise Maria Perissini da Silva},
	Journal = {Psique Especial Ci{\^e}ncia & Vida},
	Number = {5},
	Pages = {6-7},
	Title = {Psicologia Jur{\'\i}dica, uma ci{\^e}ncia em expans{\~a}o},
	Year = {2007}}

@article{COSTA2009,
	Author = {Liana Fortunato Costa and 
		Maria Aparecida Penso and 
		Viviane Neves Legnani and 
		Maria F{\'\a}tima Olivier Sudbrack},
	Journal = {Psicologia e Sociedade},
	Pages = {233-241},
	Title = {As compet{\^e}ncias da Psicologia Jur{\'\i}dica na Avalia{\c c}{\~a}o Psicossocial de Fam{\'\i}lias em Conflito},
	Year = {2009}}

@hidden{RIVEROS1995,
	Address = {Santiago, Chile},
	Author = {J. N. R. Riveros},
	Journal = {Anais del Primer Congreso Iberoamericano de Psicologia Jur{\'\i}dica},
	Title = {El Psicologo Forense},
	Year = {1995}}

@book{ROVINSKI2004,
	Address = {S{\~a}o Paulo},
	Author = {Sonia Liane Reichert Rovinski},
	Publisher = {Vetor Editora},
	Title = {Fundamentos da Per{\'\i}cia Psicol{\'o}gica Forense},
	Year = {2004}}

@book{JESUS2001,
	Address = {Goi{\^a}nia},
	Author = {Fernando de Jesus},
	Publisher = {AB Editora},
	Title = {Psicologia Aplicada {\`a} Justi{\c c}a},
	Year = {2001}}

@article{FROTA2007,
	Author = {Ana Maria Monte Coelho Frota},
	Journal = {Estudos e Pesquisas em Psicologia},
	Pages = {147-160},
	Month = {abr.},
	Title = {Diferentes concep{\c c}\~oes da inf\^ancia e adolesc\^encia},
	Subtitle = {a import\^ancia da historicidade para sua constru{\c c}\~ao},
	Volume = {7},
	Number = {1},
	Year = {2007}}

@incollection{ALMEIDA2004,
	Author = {Angela Maria de Oliveira Almeida and
		Gleicimar Gon{\c c}alves Cunha and
		Maria de F\'atima Souza Santos},
	Booktitle = {Estudos: vida e sa\'ude},
	Publisher = {Ed. da UCG},
	Address = {Goi\^ania},
	Title = {Formas Contempor\^aneas de Pensar a Crian{\c c}a e o Adolescente},
	Year = {2004},
	Month = {abr.},
	Pages = {637-660},
	Volume = {31},
	Number = {4},
	Keywords = {inf\^ancia, adolesc\^encia, representa{\c c}\~oes sociais,
		desenvolvimento, processos educativos}
}

@incollection{MOTT1998,
	Author = {Luiz Mott},
	Booktitle = {Hist\'oria da Crian{\c c}a no Brasil},
	Editor = {Mary Del Priore},
	Edition = {5},
	Series = {Caminhos da Hist\'oria},
	Publisher = {Contexto},
	Address = {S\~ao Paulo},
	Title = {Pedofilia e pederastia no brasil antigo},
	Year = {1998},
	Pages = {44-60}
}

@incollection{MOURA1998,
	Author = {Esmeralda Blanco Bolsonaro de Moura},
	Booktitle = {Hist\'oria da Crian{\c c}a no Brasil},
	Editor = {Mary Del Priore},
	Edition = {5},
	Series = {Caminhos da Hist\'oria},
	Publisher = {Contexto},
	Address = {S\~ao Paulo},
	Title = {Inf\^ancia oper\'aria e acidente do trabalho em S\~ao Paulo},
	Year = {1998},
	Pages = {112-128}
}

@incollection{LONDONO1998,
	Author = {Londo{\~n}o, Fernando Torres},
	Booktitle = {Hist\'oria da Crian{\c c}a no Brasil},
	Editor = {Mary Del Priore},
	Edition = {5},
	Series = {Caminhos da Hist\'oria},
	Publisher = {Contexto},
	Address = {S\~ao Paulo},
	Title = {A origem do conceito menor},
	Year = {1998},
	Pages = {129-145}
}

@hidden{DOVER1978,
	Address = {Nova York},
	Author = {K. J. Dover},
	Publisher = {Vintage Books},
	Title = {Greek Homosexuality},
	Year = {1978}
}

@incollection{MIRANDA1989,
	Author = {Mar\'ilia Gouveia de Miranda},
	Booktitle = {Psicologia Social: o homem em movimento},
	Editor = {Silvia T. M. Lane and Wanderley Codo},
	Edition = {7},
	Publisher = {Ed. Brasiliense},
	Address = {S\~ao Paulo},
	Title = {O processo de socializa{\c c}\~ao na escola},
	Subtitle = {a evolu{\c c}\~ao da condi{\c c}\~ao social da crian{\c c}a},
	Year = {1989},
	Pages = {125-135}
}

@incollection{SANTOS1994,
	Author = {Cleide Maria Amorim dos Santos},
	Booktitle = {Inf\^ancia e Adolesc\^encia em Discuss\~ao},
	Editor = {A. A. A. Pinheiro and
		K. C. C. Monteiro and
		M. F. V. Costa and
		M. S. F. Osterne and
		M. A. Andrade and
		R. B. Vasconcelos and
		V. F. R. Cola{\c c}o and
		V. S. Nascimento},
	Organization = {NUCEPEC},
	Publisher = {UFC, CBIA},
	Address = {Fortaleza},
	Title = {Crian{\c c}as e Adolescentes},
	Subtitle = {uma quest\~ao de visibilidade},
	Year = {1994},
	Pages = {31-42}
}

@book{FOUCAULT1988,
	Address = {Rio de Janeiro},
	Edition = {13},
	Author = {Michel Foucault},
	Translator = {Maria Thereza da Costa Albuquerque and
		J. A. Guilhon Albuquerque},
	Publisher = {Edi{\c c}\~oes Graal},
	Title = {Hist\'oria da Sexualidade I},
	Subtitle = {a vontade de saber},
	Year = {1988}
}

@book{GALLATIN1978,
	Address = {S\~ao Paulo},
	Author = {Judith Estelle Gallatin},
	Translator = {Ant\^onio Carlos Amador Pereira and
		Rosane Amador Pereira},
	Publisher = {Harper \& Row do Brasil Ltda},
	Title = {Adolesc\^encia e individualidade},
	Subtitle = {uma abordagem conceitual da psicologia da adolesc\^encia},
	Year = {1978}
}

@url{KULLER2009,
	Author = {Jeane Aparecida D. Kuller},
	Journal = {Histedbr},
	Organization = {Unicamp},
	Title = {Inf\^ancia},
	Subtitle = {discutindo o termo pelo vi\'es da hist\'oria},
	Year = {2009},
	Url = {http://www.histedbr.fae.unicamp.br/acer_histedbr/seminario/seminario8/_files/H43ASEPS.pdf},
	Urlaccessdate = {01 mar. 2013}
}

@hidden{SANTOS2007,
	Author = {João Di\'ogenes Ferreira dos Santos},
	Year = {2007}
}

@incollection{CASTRO1998,
	Author = {L\'ucia Rabello Castro},
	Title = {A teoria da inf\^ancia na contemporaneidade},
	Booktitle = {Inf\^ancia e adolesc\^encia na cultura do consumo},
	Pages = {16-43},
	Year = {1998},
	Url = {http://www.psicologia.ufrj.br/nipiac/images/stories/livros/infancia_e_adolescencia_na_cultura_do_consumo.pdf},
	Urlaccessdate = {01 mar. 2013}
}

@book{NUNES2000,
	Address = {Campinas},
	Author = {C\'esar Nunes and Edna Silva},
	Publisher = {Autores Associados},
	Title = {Educa{\c c}\~ao Sexual da Crian{\c c}a},
	Year = {2000}
}

@masterthesis{REZENDE2008,
	Author = {Juliana Bezerra Dias de Rezende},
	Title = {A posi{\c c}\~ao subjetiva da crian{\c c}a no abuso sexual},
	School = {Universidade Veiga de Almeida},
	Year = {2008},
	Address = {Rio de Janeiro}
}

@article{BEARZOTI1994,
	Author = {Paulo Bearzoti},
	Journal = {Arquivos de Neuro-Psiquiatria},
	Volume = {52},
	Number = {1},
	Month = {mar.},
	Address = {S\~ao Paulo},
	Pages = {113-117},
	Title = {Sexualidade},
	Subtitle = {um conceito psicanal\'itico freudiano},
	Year = {1994},
	Urlaccessdate = {01 mar. 2013},
	Publisher = {scielo}
}

@article{ZAVARONI2007,
	Author = {Dione de Medeiros Lula Zavaroni and
		Terezinha de Camargo Viana and
		Luiz Augusto Monnerat Celes},
	Journal = {Estudos de Psicologia},
	Volume = {12},
	Number = {1},
	Month = {abr.},
	Title = {A constitui{\c c}\~ao do infantil na obra de Freud},
	Year = {2007},
	Address = {Natal},
	Urlaccessdate = {01 mar. 2013},
	Pages = {65-70},
   	Publisher = {scielo}
}

@article{SCHINDHELM2011,
	Author = {Virginia Georg Schindhelm},
	Editor = {C. Linhares and
		E. Scheinvar and
		I. Bragan{\c c}a and
		Maria Lucia M\"uller and
		Vera L\'ucia Campos},
	Number = {16},
	Month = {dez.},
	Section = {Revista Aleph},
	Journal = {Inf\^ancias em N\'os},
	Publisher = {UFF},
	Title = {A sexualidade na educa{\c c}\~ao infantil},
	Year = {2011},
	Address = {Rio de Janeiro},
	Pages = {35-47}
}

@monography{DONIZETE2010,
	Author = {Nayara Lima Donizete},
	Address = {Aparecida de Goi\^ania},
	Year = {2010},
	School = {Instituto Superior de Educação, Faculdade Alfredo Nasser},
	Title = {Sexualidade Infantil},
	Subtitle = {um olhar pedag\'ogico},
	type = {Gradua{\c c}\~ao}
}

@hidden{PRIORE1992,
	Author = {Mary Del Priore},
	Year = {1992}
}

@electronic{AHMAD2009,
	Author = {L. A. S. Ahmad},
	Month = {jun.},
	Publisher = {P@rtes},
	Title = {Um breve hist\'orico da inf\^ancia e da institui{\c c}\~ao de educa{\c c}\~ao infantil'},
	Year = {2009},
	Address = {S\~ao Paulo},
	Url = {www.partes.com.br/educacao/historicoinfancia.asp},
	Urlaccessdate = {12 dez. 2012}
}

@incollection{VASCONCELOS2002,
	Author = {Rejane Batista Vansconcelos},
	Booktitle = {Pr\'axis em Psicologia},
	Editor = {\^Angela Pinheiro and
		Patr\'icia Lustosa
		Ver\^onica Ximenes},
	Organization = {NUCEPEC},
	Publisher = {UFC},
	Address = {Fortaleza},
	Title = {Inf\^ancia e Adolesc\^encia (en)fim},
	Year = {2002},
	Pages = {51-72}
}

@incollection{SOUZA2001,
	Author = {Antonio Augusto Guimar{\~a}es de Souza},
	Booktitle = {Adolesc\^encia e Viol\^encia},
	Booksubtitle = {a{\c c}\~oes comunit\'arias na preven{\c c}\~ao
		``conhecendo, articulando, integrando e multiplicando''},
	Editor = {David L\'eo Levisky},
	Publisher = {Casa do Psic\'ologo},
	Address = {S\~ao Paulo},
	Title = {O judici\'ario protege a crian{\c c}a e o adolescente?},
	Year = {2001},
	Pages = {187-198}
}

% Rosana

@INCOLLECTION{ALENCAR2009,
  author = {Alencar, Vitor and Ribeiro, Perla and Gorenstein, Fabiana and Sanchez,
	Marcio},
  title = {Violência sexual contra crianças e adolescentes e seus mitos},
  booktitle = {A defesa de crianças e adolescentes vítimas de violências sexuais},
  publisher = {ANCED - Associação Nacional dos Centros de Defesa da Criança e do
	Adolescente},
  year = {2009},
  pages = {177-181},
  address = {São Paulo},
  owner = {Layse Rabelo},
  timestamp = {2013.03.02}
}

@ELECTRONIC{ALGERISOUZA2006,
  author = {Algeri, Simone and Souza, Luccas Melo de},
  month = {julho-agosto},
  year = {2006},
  title = {Violência Contra Crianças e Adolescentes:},
  howpublished = {Revista Latino-Americana de Enfermagem},
  url = {http://www.scielo.br/pdf/rlae/v14n4/pt_v14n4a23.pdf},
  subtitle = {um Desafio no Cotidiano da Equipe de Enfermagem},
  owner = {Layse Rabelo},
  timestamp = {2013.03.02}
}

@HIDDEN{ASSIS1994,
  author = {Assis, S. G.},
  year = {1994},
  owner = {Layse Rabelo},
  timestamp = {2013.03.02}
}

@INBOOK{BASS1983,
  pages = {13-49},
  title = {Na Própria Verdade Está a Cura},
  publisher = {Harbra},
  year = {1983},
  editor = {Bass, Ellen and Thornton, Louise},
  author = {Bass, Ellen},
  address = {São Paulo},
  owner = {Layse Rabelo},
  timestamp = {2013.03.02}
}

@ARTICLE{BRINOWILLIAMS2008,
  author = {Brino, R. F. and Williams, L. C. A.},
  title = {Professores como agentes de prevençao do abuso sexual infantil},
  year = {2008},
  address = {São Carlos},
  publisher = {Educação e Realidade},
  owner = {Layse Rabelo},
  timestamp = {2013.03.02}
}

@INCOLLECTION{CAMPOS2002,
  author = {Campos, Danielle Sousa},
  title = {O abuso sexual doméstico contra crianças},
  booktitle = {Práxis em Psicologia},
  publisher = {Imprensa Universitária, UFC},
  year = {2002},
  editor = {Pinheiro, Ângela and Lustosa, Patrícia and Ximenes, Verônica},
  pages = {73-91},
  address = {Fortaleza},
  note = {Contribuições do NUCEPEC, PET - Psicologia e do NUCOM},
  subtitle = {considerações teóricas e observações sobre uma realidade},
  owner = {Layse Rabelo},
  timestamp = {2013.03.01}
}

@HIDDEN{DAY2003,
  author = {Day, V. P. and Telles, L. E. and Zoratto, P. H. and Azambuja, M.
	R. F. and Machado, D. A. and Silveira, M. B. and Debiaggi, M. and
	Reis, M. da G. and Cardoso, R. G. and Blank, B.},
  year = {2003},
  owner = {Layse Rabelo},
  timestamp = {2013.03.02}
}

@HIDDEN{ENNEW1986,
  author = {Ennew, J.},
  year = {1986},
  owner = {Layse Rabelo},
  timestamp = {2013.03.02}
}

@INCOLLECTION{ESBER2007,
  author = {Esber, Karen Michel},
  title = {"Tinha pavor em pensar que algém pudesse descobrir":},
  booktitle = {(Re) Descobrindo Faces da Violência Sexual Contra Crianças e Adolescentes},
  publisher = {Cânone Editorial},
  year = {2007},
  editor = {Oliveira, Maria Luiza Moura and Sousa, Sônia M. Gomes},
  pages = {127-154},
  address = {Brasília},
  subtitle = {O sentido de infância e adolescência para autores de violência sexual},
  owner = {Layse Rabelo},
  timestamp = {2013.03.02}
}

@BOOK{ESBER2009,
  title = {Autores de Violência sexual contra crianças e adolescentes},
  publisher = {Cânone Editorial},
  year = {2009},
  author = {Esber, Karen Michel},
  pages = {212},
  address = {Goiânia},
  owner = {Layse Rabelo},
  timestamp = {2013.03.02}
}

@HIDDEN{FALEIROS2000,
  author = {Faleiros, E. T. S.},
  year = {2000},
  owner = {Layse Rabelo},
  timestamp = {2013.03.02}
}

@HIDDEN{FERRARI2002,
  author = {Ferrari, D. C. A.},
  year = {2002},
  owner = {Layse Rabelo},
  timestamp = {2013.03.02}
}

@HIDDEN{GABEL1997,
  author = {Gabel, M.},
  year = {1997},
  owner = {Layse Rabelo},
  timestamp = {2013.03.02}
}

@BOOK{HABIGZANG2012,
  title = {Violência Contra Crianças e Adolescentes},
  publisher = {Artmed},
  year = {2012},
  author = {Habigzang, L. F. and Koller, S. H. and col.},
  pages = {280},
  address = {Porto Alegre},
  subtitle = {Teoria, Pesquisa e Prática},
  owner = {Layse Rabelo},
  timestamp = {2013.03.02}
}

@HIDDEN{HOLMES1997,
  author = {Holmes, S.},
  year = {1997},
  owner = {Layse Rabelo},
  timestamp = {2013.03.02}
}

@MASTERSTHESIS{JUNG2006,
  author = {Jung, Flávia Hermann},
  title = {Abuso Sexual na Infância:},
  school = {Universidade Católica de Goiás},
  year = {2006},
  address = {Goiânia},
  month = {Março},
  subtitle = {uma Leitura Fenomenológica-Existencial através do Psicodiagnóstico
	de Rorschach},
  owner = {Layse Rabelo},
  timestamp = {2013.03.02},
  url = {http://tede.biblioteca.ucg.br/tde_arquivos/11/TDE-2006-08-18T070932Z-170/Publico/Flavia%20Hermann%20Jung.pdf}
}

@ARTICLE{LONGO2002,
  author = {Longo, Cristiano da Silveira},
  title = {A punição corporal doméstica de crianças e adolescentes: o olhar
	de autores de livros sobre educação familiar no Brasil (1981-2000)},
  year = {2002},
  address = {São Paulo},
  publisher = {Ieditora},
  owner = {Layse Rabelo},
  timestamp = {2013.03.01},
  url = {http://www.cesarkallas.net/arquivos/livros/direito/00850%20-%20A%20Puni%E7%E3o%20Corporal%20Dom%E9stica%20de%20Crian%E7as%20e%20Adolescentes.pdf}
}

@INCOLLECTION{NETO2009,
  author = {Neto, Wanderlino Nogueira},
  title = {Abuso e exploração sexual de crianças e adolescentes:},
  booktitle = {A defesa de crianças e adolescentes vítimas de violências sexuais},
  publisher = {ANCED - Associação Nacional dos Centros de Defesa da Criança e do
	Adolescente},
  year = {2009},
  pages = {73-83},
  address = {São Paulo},
  subtitle = {responsabilização e defesa na perspectiva dos direitos humanos},
  owner = {Layse Rabelo},
  timestamp = {2013.03.02}
}

@HIDDEN{OLIVEIRA1989,
  author = {Oliveira, A. B.},
  year = {1989},
  owner = {Layse Rabelo},
  timestamp = {2013.03.02}
}

@ELECTRONIC{PFEIFFERSALVAGNI2005,
  author = {Pfeiffer, Luci and Salvagni, Edila Pizzato},
  year = {2005},
  title = {Visão atual do abuso sexual na infância e adolescência},
  howpublished = {Jornal de Pediatria},
  owner = {Layse Rabelo},
  timestamp = {2013.03.02}
}

@HIDDEN{SANCHEZ1997,
  author = {Sanchez, M.},
  year = {1997},
  owner = {Layse Rabelo},
  timestamp = {2013.03.02}
}

@HIDDEN{SANDERSON2005,
  author = {Sanderson, C.},
  year = {2005},
  owner = {Layse Rabelo},
  timestamp = {2013.03.02}
}

@INCOLLECTION{CHILDHOODBRASIL2009,
  author = {Santos, Benedito Rodrigues dos and Ippolito, Rita},
  title = {O papel da escola no enfrentamento da Violência sexual},
  booktitle = {A defesa de crianças e adolescentes vítimas de violências sexuais},
  publisher = {ANCED - Associação Nacional dos Centros de Defesa da Criança e do
	Adolescente},
  year = {2009},
  pages = {125-130},
  address = {São Paulo},
  subtitle = {como a comunidade escolar pode participar da prevenção, identificação
	e notificação dos casos de violência, contribuindo assim para interromper
	a reprodução do ciclo de violência},
  organization = {Childhood Brasil  (Instituto WCF- Brasil)},
  owner = {Layse Rabelo},
  timestamp = {2013.03.02}
}

@BOOK{TRINDADEBREIER2007,
  title = {Pedofilia},
  publisher = {Livraria do Advogado Editora},
  year = {2007},
  author = {Trindade, Jorge and Breier, Ricardo},
  pages = {127},
  series = {Direito e Psicologia},
  address = {Porto Alegre},
  subtitle = {aspectos psicológicos e penais},
  owner = {Layse Rabelo},
  timestamp = {2013.03.02}
}

@ELECTRONIC{VIEIRA2006,
  author = {Vieira, Natalie Monteiro},
  month = {Janeiro},
  year = {2006},
  title = {Abusos Sexuais a Menores},
  address = {Coimbra},
  owner = {Layse Rabelo},
  timestamp = {2013.03.02}
}

